<?xml version="1.0" encoding="UTF-8"?><collection xmlns="http://www.loc.gov/MARC21/slim"><record><leader>00696nam--2200217-u-4500</leader><controlfield tag="001">000056731</controlfield><controlfield tag="002">20170215</controlfield><controlfield tag="005">20170215160419</controlfield><controlfield tag="008">170215s1000------------r-----000-0-eng-d</controlfield><datafield ind1=" " ind2=" " tag="040"><subfield code="a">IFIN-HH</subfield></datafield><datafield ind1="0" ind2=" " tag="041"><subfield code="a">eng</subfield></datafield><datafield ind1=" " ind2=" " tag="080"><subfield code="a">543.4</subfield></datafield><datafield ind1="1" ind2=" " tag="100"><subfield code="a">Kai Siegbahn, Carl Nordling /s.a</subfield></datafield><datafield ind1="1" ind2="0" tag="245"><subfield code="a">ESCA ATOMIC AND SOLID STATE STRUCTURE BY MEANS OF ELECTRON SPECTROSCOPY</subfield><subfield code="b">Sieggbahn, Kai ; Nordling, Carl</subfield></datafield><datafield ind1=" " ind2=" " tag="250"><subfield code="a">Third Edition</subfield></datafield><datafield ind1=" " ind2=" " tag="260"><subfield code="a">Uppsala</subfield><subfield code="b">NOVA ACTA REGIAE SOCIETATIS SCIENTARUM UPSALIESIS</subfield><subfield code="c">1965</subfield></datafield><datafield ind1=" " ind2=" " tag="300"><subfield code="a">282p</subfield></datafield><datafield ind1="0" ind2=" " tag="490"><subfield code="a">Royal Society of Science</subfield><subfield code="v">Series IV+ Vol. 20</subfield></datafield><datafield ind1="1" ind2=" " tag="700"><subfield code="a">Anders, Fahlman; Nordberg, Ragnar</subfield></datafield><datafield ind1=" " ind2=" " tag="852"><subfield code="a">30030</subfield><subfield code="b">535.33</subfield></datafield><datafield ind1=" " ind2=" " tag="CAT"><subfield code="a">SYS</subfield><subfield code="c">20170215</subfield><subfield code="h">160419</subfield></datafield></record></collection>